<?xml version="1.0" encoding="UTF-8"?><collection xmlns="http://www.loc.gov/MARC21/slim"><record><leader>00696nam--2200169-i-4500</leader><controlfield tag="001">000023726</controlfield><controlfield tag="002">20161230</controlfield><controlfield tag="005">20161230201035</controlfield><controlfield tag="008">060222s1000------------r-----000-0-eng-d</controlfield><datafield ind1=" " ind2=" " tag="040"><subfield code="a">IFIN-HH</subfield></datafield><datafield ind1=" " ind2=" " tag="080"><subfield code="a">533.9(061.3)</subfield></datafield><datafield ind1="1" ind2=" " tag="100"><subfield code="a">Evans, D.E</subfield></datafield><datafield ind1="1" ind2="0" tag="245"><subfield code="a">Pulsed high beta plasmas</subfield><subfield code="b">Proceedings of the Third Topical Conference held at UKAEA Culham Laboratory Abingdon Oxfordshire UK 9-12 September 1975. Sponsored by the UKAEA, The Institute of Physics (London) and the American Physical Society and held in cooperation with the International Atomic Energy Agency</subfield><subfield code="c">D.E. Evans (Ed.)</subfield></datafield><datafield ind1=" " ind2=" " tag="260"><subfield code="a">Oxford, Pergamon Press, 1976</subfield></datafield><datafield ind1=" " ind2=" " tag="300"><subfield code="a">625P</subfield></datafield><datafield ind1=" " ind2=" " tag="852"><subfield code="a">45305</subfield></datafield><datafield ind1=" " ind2=" " tag="CAT"><subfield code="a">Sys</subfield><subfield code="c">20100928</subfield><subfield code="h">120837</subfield></datafield></record></collection>